@article{understandingMetadataRiley2017,
  title={Understanding metadata},
  author={Riley, Jenn},
  journal={Washington DC, United States: National Information Standards Organization (http://www.niso.org/ publications/press/UnderstandingMetadata .pdf)},
  volume={23},
  pages={7--10},
  year={2017}
}

@inproceedings{roleOfMetadataInStatisticsdippo2000,
  title={The role of metadata in statistics},
  author={Dippo, Cathryn},
  booktitle={Proceedings of the Second International Conference on Establishment Surveys, 2000},
  pages={909--918},
  year={2000}
}

@inproceedings{bigDataAReviewsagiroglu2013,
  author={Sagiroglu, Seref and Sinanc, Duygu},
  booktitle={2013 International Conference on Collaboration Technologies and Systems (CTS)}, 
  title={Big data: {A} review}, 
  year={2013},
  volume={},
  number={},
  pages={42-47},
  doi={10.1109/CTS.2013.6567202}
}

@book{understandingBigDataZikopoulos2011,
  title={Understanding big data: {A}nalytics for enterprise class {H}adoop and streaming data},
  author={Zikopoulos, Paul and Eaton, Chris},
  year={2011},
  publisher={McGraw-Hill Osborne Media}
}

@InProceedings{apiFirstBealieu,
author="Beaulieu, Nicole
and Dascalu, Sergiu M.
and Hand, Emily",
editor="Latifi, Shahram",
title={{API}-{F}irst Design: {A} Survey of the State of Academia and Industry},
booktitle="ITNG 2022 19th International Conference on Information Technology-New Generations",
year="2022",
publisher="Springer International Publishing",
address="Cham",
pages="73--79",
isbn="978-3-030-97652-1"
}

@inproceedings{apacheRangerMultiLayerdGuptaMaanak2017,
author = {Gupta, Maanak and Patwa, Farhan and Benson, James and Sandhu, Ravi},
title = {Multi-Layer Authorization Framework for a Representative {H}adoop {E}cosystem Deployment},
year = {2017},
isbn = {9781450347020},
publisher = {Association for Computing Machinery},
address = {New York, NY, USA},
url = {https://doi.org/10.1145/3078861.3084173},
doi = {10.1145/3078861.3084173},
booktitle = {Proceedings of the 22nd ACM on Symposium on Access Control Models and Technologies},
pages = {183–190},
numpages = {8},
keywords = {data lake, access control, role based, hadoop ecosystem, attributes, object tags, big data},
location = {Indianapolis, Indiana, USA},
series = {SACMAT '17 Abstracts}
}

@inproceedings{apacheRangerAccessControlModelGuptaMaanak2017,
author = {Gupta, Maanak and Patwa, Farhan and Sandhu, Ravi},
title = {{POSTER}: {A}ccess Control Model for the {H}adoop {E}cosystem},
year = {2017},
isbn = {9781450347020},
publisher = {Association for Computing Machinery},
address = {New York, NY, USA},
url = {https://doi.org/10.1145/3078861.3084164},
doi = {10.1145/3078861.3084164},
pages = {125–127},
numpages = {3},
keywords = {attributes, data lake, hadoop ecosystem, role based, access control, big data, groups hierarchy, object tags},
location = {Indianapolis, Indiana, USA},
series = {SACMAT '17 Abstracts}
}

@InProceedings{rangerHealhcareRangarajan2018,
author="Rangarajan, Sarathkumar
and Liu, Huai
and Wang, Hua
and Wang, Chuan-Long",
editor="Beheshti, Amin
and Hashmi, Mustafa
and Dong, Hai
and Zhang, Wei Emma",
title={Scalable Architecture for Personalized Healthcare Service Recommendation Using Big Data Lake},
booktitle="Service Research and Innovation",
year="2018",
publisher="Springer International Publishing",
address="Cham",
pages="65--79",
isbn="978-3-319-76587-7"
}

@article{rangerTelecomAhmad2019,
  title={Customer churn prediction in telecom using machine learning in big data platform},
  author={Ahmad, Abdelrahim Kasem and Jafar, Assef and Aljoumaa, Kadan},
  journal={Journal of Big Data},
  volume={6},
  number={1},
  pages={1--24},
  year={2019},
  publisher={Springer}
}

@article{bigDataSecurityTankard20125,
title = {Big data security},
journal = {Network Security},
volume = {2012},
number = {7},
pages = {5-8},
year = {2012},
issn = {1353-4858},
doi = {https://doi.org/10.1016/S1353-4858(12)70063-6},
url = {https://www.sciencedirect.com/science/article/pii/S1353485812700636},
author = {Colin Tankard}
}

@inproceedings{bigDataSecurityHealthPatil2014,
  title={Big data security and privacy issues in healthcare},
  author={Patil, Harsh Kupwade and Seshadri, Ravi},
  booktitle={2014 IEEE international congress on big data},
  pages={762--765},
  year={2014},
  organization={IEEE}
}

@inproceedings{bigMetadataSmith2014,
author = {Smith, Ken and Seligman, Len and Rosenthal, Arnon and Kurcz, Chris and Greer, Mary and Macheret, Catherine and Sexton, Michael and Eckstein, Adric},
title = {\enquote{Big Metadata}: {T}he Need for Principled Metadata Management in Big Data Ecosystems},
year = {2014},
isbn = {9781450329972},
publisher = {Association for Computing Machinery},
address = {New York, NY, USA},
url = {https://doi.org/10.1145/2627770.2627776},
doi = {10.1145/2627770.2627776},
pages = {1–4},
numpages = {4},
keywords = {data integration, metadata, Big data analytics, data discovery},
location = {Snowbird, UT, USA},
series = {DanaC'14}
}

@inproceedings{trinoSethi2019,
  author={Sethi, Raghav and Traverso, Martin and Sundstrom, Dain and Phillips, David and Xie, Wenlei and Sun, Yutian and Yegitbasi, Nezih and Jin, Haozhun and Hwang, Eric and Shingte, Nileema and Berner, Christopher},
  booktitle={2019 IEEE 35th International Conference on Data Engineering (ICDE)}, 
  title={{P}resto: {SQL} on Everything}, 
  year={2019},
  volume={},
  number={},
  pages={1802-1813},
  doi={10.1109/ICDE.2019.00196}}


@article{shimsNewton2011,
  title={Demystifying {S}hims-or-{U}sing the {A}pp {C}ompat {T}oolkit to make your old stuff work with your new stuff},
  author={Newton, T},
  journal={Jun},
  volume={17},
  pages={1--6},
  year={2011},
  url={https://techcommunity.microsoft.com/t5/ask-the-performance-team/demystifying-shims-or-using-the-app-compat-toolkit-to-make-your/ba-p/374947}
}

@inproceedings{nistRBAC2000Sandhu,
  title={{T}he {NIST} model for role-based access control: {T}owards a unified standard},
  author={Sandhu, Ravi and Ferraiolo, David and Kuhn, Richard and others},
  booktitle={ACM workshop on Role-based access control},
  volume={10, no. 344287.344301},
  year={2000}
}

@article{apacheDrillHausenblas2013,
    author = {Hausenblas, Michael and Nadeau, Jacques},
    title = {{A}pache {D}rill: {I}nteractive Ad-Hoc Analysis at Scale},
    journal = {Big Data},
    volume = {1},
    number = {2},
    pages = {100-104},
    year = {2013},
    doi = {10.1089/big.2013.0011},
    note ={PMID: 27442064},
    URL = { https://doi.org/10.1089/big.2013.0011},
    eprint = {https://doi.org/10.1089/big.2013.0011}
}

@article{HDFSBorthakur2008,
  title={{HDFS} architecture guide},
  author={Borthakur, Dhruba and others},
  journal={Hadoop apache project},
  volume={53},
  number={1-13},
  pages={2},
  year={2008}
}

@inproceedings{foundationOfJsonSchemaPezoa2016,
    author = {Pezoa, Felipe and Reutter, Juan L. and Suarez, Fernando and Ugarte, Mart\'{\i}n and Vrgo\v{c}, Domagoj},
    title = {{F}oundations of {JSON} {S}chema},
    year = {2016},
    isbn = {9781450341431},
    publisher = {International World Wide Web Conferences Steering Committee},
    address = {Republic and Canton of Geneva, CHE},
    url = {https://doi.org/10.1145/2872427.2883029},
    doi = {10.1145/2872427.2883029},
    booktitle = {Proceedings of the 25th International Conference on World Wide Web},
    pages = {263–273},
    numpages = {11},
    keywords = {JSON validation, expressiveness of schema languages, JSON, JSON schema},
    location = {Montr\'{e}al, Qu\'{e}bec, Canada},
    series = {WWW '16}
}


@techreport{RFC4949,
  author = {R. Shirey},
  title = {{I}nternet Security Glossary, {V}ersion 2},
  howpublished = {Internet Requests for Comments},
  type = {RFC},
  number = {4949},
  year = {2007},
  month = {8},
  issn = {2070-1721},
  publisher = {RFC Editor},
  institution = {RFC Editor},
  url = {http://www.rfc-editor.org/rfc/rfc4949.txt},
  note = {\url{http://www.rfc-editor.org/rfc/rfc4949.txt}},
}

@article{protectionOfInformationInComputerSystemsSaltzer1975,
  title={The protection of information in computer systems},
  author={Saltzer, Jerome H and Schroeder, Michael D},
  journal={Proceedings of the IEEE},
  volume={63},
  number={9},
  pages={1278--1308},
  year={1975},
  publisher={IEEE}
}

@article{unitTestingOlan2003,
  title={Unit testing: {t}est early, test often},
  author={Olan, Michael},
  journal={Journal of Computing Sciences in Colleges},
  volume={19},
  number={2},
  pages={319--328},
  year={2003},
  publisher={Consortium for Computing Sciences in Colleges}
}

@article{testCoverageAntinyan2018,
  title={Mythical unit test coverage},
  author={Antinyan, Vard and Derehag, Jesper and Sandberg, Anna and Staron, Miroslaw},
  journal={IEEE Software},
  volume={35},
  number={3},
  pages={73--79},
  year={2018},
  publisher={IEEE}
}

% Online Articles

 @online{buildingAccessControlForOpenMetadata2022Mathew, 
    title={Building Access Control for {O}penMetadata},
    url={https://blog.open-metadata.org/building-access-control-for-openmetadata-5b842a2abd90},
    author={Mathew, Mithun},
    year={2022},
    month={2},
    urldate={2023-04-16}
} 

@online{awsWhatIsADataLake2023,
    title={What is a Data Lake},
    url={https://aws.amazon.com/big-data/datalakes-and-analytics/what-is-a-data-lake/},
    author={AWS},
    year={2023},
    urldate={2023-04-16}
}

@online{montecarloDataLakeVSDataMesh2023,
    title={Data Mesh vs Data Lake: {P}ros, Cons, \& {H}ow to Decide},
    url={https://www.montecarlodata.com/blog-data-mesh-vs-data-lake-whats-the-difference},
    author={Tim Osborn},
    year={2023},
    month={3},
    urldate={2023-04-16}
}

@online{amundsenLyftGrover2019,
    title={Amundsen — {L}yft’s data discovery \& metadata engine},
    url={https://eng.lyft.com/amundsen-lyfts-data-discovery-metadata-engine-62d27254fbb9},
    author={Mark Grover},
    year={2019},
    month={4},
    urldate={2023-04-16}
}

@online{dataHubLinkedinLan2019,
    title={DataHub: {A} generalized metadata search \& discovery tool},
    url={https://engineering.linkedin.com/blog/2019/data-hub},
    author={Mars Lan},
    year={2019},
    month={8},
    urldate={2023-04-16}
}

@online{metacatNetflixMajumdar2018,
    title={Metacat: {M}aking Big Data Discoverable and Meaningful at {N}etflix},
    url={https://netflixtechblog.com/metacat-making-big-data-discoverable-and-meaningful-at-netflix-56fb36a53520},
    author={Ajoy Majumdar, Zhen Li},
    year={2018},
    month={6},
    urldate={2023-04-16}
}

% Technical resources

@online{trinoTech,
    keywords={tech},
    title={Trino},
    url={https://trino.io}
}

@online{dremioTech,
    keywords={tech},
    title={Dremio},
    url={https://www.dremio.com/data-lakehouse/}
}

@online{apacheDrillTech,
    keywords={tech},
    title={{Apache Drill}},
    url={https://drill.apache.org/},
    author={{Apache Software Foundation}}
}

@online{postgresqlTech,
    keywords={tech},
    title={{PostgreSQL}},
    url={https://www.postgresql.org/}
}

@online{powerbiTech,
    keywords={tech},
    title={{Microsoft Power BI}},
    url={https://powerbi.microsoft.com/},
    author={{Microsoft Corporation}}
}

@online{apacheKafkaTech,
    keywords={tech},
    title={{Apache Kafka}},
    url={https://kafka.apache.org/},
    author={{Apache Software Foundation}}
}

@online{apacheAirflowTech,
    keywords={tech},
    title={{Apache Airflow}},
    url={https://airflow.apache.org/},
    author={{Apache Software Foundation}}
}

@online{apacheHbaseTech,
    keywords={tech},
    title={{Apache HBase}},
    url={https://hbase.apache.org/},
    author={{Apache Software Foundation}}
}

@online{apacheSolrTech,
    keywords={tech},
    title={{Apache Solr}},
    url={https://solr.apache.org/},
    author={{Apache Software Foundation}}
}

@online{elasticsearchTech,
    keywords={tech},
    title={{Elasticsearch}},
    url={https://elastic.io/},
    author={{Elastic NV}}
}

@online{apacheAtlasTech,
    keywords={tech},
    title={{Apache Atlas}},
    url={https://atlas.apache.org/},
    author={{Apache Software Foundation}}
}

@online{informaticaTech,
    keywords={tech},
    title={{Enterprise Data Catalog – Informatica}},
    url={https://www.informatica.com/gb/products/data-catalog/enterprise-data-catalog.html}
}

@online{dropwizardTech,
    keywords={tech},
    title={Dropwizard},
    url={https://www.dropwizard.io}
}

@online{reactTech,
    keywords={tech},
    title={React},
    url={https://react.dev/}
}

@online{apacheMavenTech,
    keywords={tech},
    title={{Apache Maven}},
    url={https://maven.apache.org/},
    author={{Apache Software Foundation}}
}

@online{springTech,
    keywords={tech},
    title={Sping},
    url={https://spring.io/},
    author={VMware}
}

@online{apacheTomactTech,
    keywords={tech},
    title={{Apache Maven}},
    url={https://tomcat.apache.org/},
    author={{Apache Software Foundation}}
}

@online{junitTech,
    keywords={tech},
    title={{JUnit 5}},
    url={https://junit.org/junit5/},
}

@online{mockitoTech,
    keywords={tech},
    title={{Mockito}},
    url={https://site.mockito.org/},
}